<record xmlns="http://www.loc.gov/MARC21/slim" xmlns:xsi="http://www.w3.org/2001/XMLSchema-instance" xsi:schemaLocation="http://www.loc.gov/MARC21/slim http://www.loc.gov/standards/marcxml/schema/MARC21slim.xsd"><leader>     nam a22        4500</leader><controlfield tag="001">3071100</controlfield><controlfield tag="003">NNC</controlfield><controlfield tag="006">m        d        </controlfield><controlfield tag="007">cr cn |||m|||a</controlfield><controlfield tag="008">150316s1963    iq      ob    000 0 ara c</controlfield><datafield ind1=" " ind2=" " tag="040"><subfield code="a">NNU</subfield><subfield code="b">eng</subfield><subfield code="e">rda</subfield><subfield code="c">NNU</subfield></datafield><datafield ind1=" " ind2="4" tag="050"><subfield code="a">B753.G34</subfield><subfield code="b">A45</subfield></datafield><datafield ind1="1" ind2=" " tag="100"><subfield code="6">880-01</subfield><subfield code="a">Ami&#772;n, H&#803;usayn.</subfield></datafield><datafield ind1="1" ind2="3" tag="245"><subfield code="6">880-02</subfield><subfield code="a">al-Ghazza&#772;li&#772;,</subfield><subfield code="b">faqi&#772;han wa-faylsu&#772;fan wa-mutas&#803;awwifan.</subfield><subfield code="c">[Ta&#700;li&#772;f] H&#803;usayn Ami&#772;n.</subfield></datafield><datafield ind1="3" ind2=" " tag="246"><subfield code="a">Ghazzali as the jurist, philosopher and mystic</subfield></datafield><datafield ind1=" " ind2=" " tag="260"><subfield code="6">880-03</subfield><subfield code="a">Baghda&#772;d :</subfield><subfield code="b">Mat&#803;ba&#699;at al-Irsha&#772;d,</subfield><subfield code="c">1963.</subfield></datafield><datafield ind1=" " ind2=" " tag="300"><subfield code="a">online resource (8, 194 pages)</subfield></datafield><datafield ind1=" " ind2=" " tag="336"><subfield code="a">text</subfield><subfield code="2">rdacontent</subfield></datafield><datafield ind1=" " ind2=" " tag="337"><subfield code="a">computer</subfield><subfield code="2">rdamedia</subfield></datafield><datafield ind1=" " ind2=" " tag="338"><subfield code="a">online resource</subfield><subfield code="2">rdacarrier</subfield></datafield><datafield ind1=" " ind2=" " tag="500"><subfield code="a">At head of title: Min turth al-&#699;Arab wa-al-Isla&#772;m.</subfield></datafield><datafield ind1=" " ind2=" " tag="500"><subfield code="a">Cover title: al-Ghazzali as the jurist, philosopher and mystic, by Hussain Amin.</subfield></datafield><datafield ind1=" " ind2=" " tag="500"><subfield code="a">Part of the Arabic Collections Online (ACO) project, contributed by Columbia University Libraries.</subfield></datafield><datafield ind1=" " ind2=" " tag="504"><subfield code="a">Includes bibliographical references (pages 173-178).</subfield></datafield><datafield ind1=" " ind2=" " tag="533"><subfield code="a">Electronic reproduction.</subfield><subfield code="b">New York, N.Y. :</subfield><subfield code="c">New York University,</subfield><subfield code="d">2015.</subfield><subfield code="5">NNU</subfield></datafield><datafield ind1="0" ind2="0" tag="600"><subfield code="a">Ghazza&#772;li&#772;,</subfield><subfield code="d">1058-1111.</subfield></datafield><datafield ind1="0" ind2="7" tag="600"><subfield code="a">Ghazza&#772;li&#772;,</subfield><subfield code="d">1058-1111</subfield><subfield code="2">fast</subfield><subfield code="0">(OCoLC)fst00095924</subfield></datafield><datafield ind1="2" ind2=" " tag="710"><subfield code="a">Columbia University.</subfield><subfield code="b">Libraries.</subfield></datafield><datafield ind1="0" ind2=" " tag="730"><subfield code="a">Arabic Collections Online.</subfield></datafield><datafield ind1="0" ind2="8" tag="776"><subfield code="i">Print version:</subfield><subfield code="a">Ami&#772;n, H&#803;usayn.</subfield><subfield code="t">al-Ghazza&#772;li&#772;</subfield><subfield code="w">(NNC)3071100</subfield><subfield code="w">(DLC)ne 64002437 </subfield><subfield code="w">(OCoLC)21390035</subfield></datafield><datafield ind1="4" ind2="0" tag="856"><subfield code="u">http://hdl.handle.net/2333.1/kkwh7349</subfield></datafield><datafield ind1="1" ind2=" " tag="880"><subfield code="6">100-01/r</subfield><subfield code="a">&#1571;&#1605;&#1610;&#1606;&#1548; &#1581;&#1587;&#1610;&#1606;.</subfield></datafield><datafield ind1="1" ind2="2" tag="880"><subfield code="6">245-02/r</subfield><subfield code="a">&#1575;&#1604;&#1594;&#1586;&#1575;&#1604;&#1610; :</subfield><subfield code="b">&#1601;&#1602;&#1610;&#1607;&#1575; &#1608;&#1601;&#1610;&#1604;&#1587;&#1608;&#1601;&#1575; &#1608;&#1605;&#1578;&#1589;&#1608;&#1601;&#1575; /</subfield><subfield code="c">&#1581;&#1587;&#1610;&#1606; &#1571;&#1605;&#1610;&#1606;.</subfield></datafield><datafield ind1=" " ind2=" " tag="880"><subfield code="6">260-03/r</subfield><subfield code="a">&#1576;&#1594;&#1583;&#1575;&#1583; :</subfield><subfield code="b">&#1605;&#1591;&#1576;&#1593;&#1577; &#1575;&#1604;&#1573;&#1585;&#1588;&#1575;&#1583;&#1548;</subfield><subfield code="c">1963.</subfield></datafield><datafield ind1=" " ind2=" " tag="959"><subfield code="a">NNU</subfield><subfield code="b">WEB</subfield><subfield code="c">GENI</subfield><subfield code="t">0</subfield><subfield code="m">Electronic access</subfield><subfield code="s">01</subfield></datafield><datafield ind1=" " ind2=" " tag="999"><subfield code="i">NNC_3071100</subfield><subfield code="o">(OCoLC)ocm21390035 </subfield><subfield code="s">columbia_aco000304</subfield><subfield code="e">(ERROR-880)</subfield></datafield></record>